<?xml version="1.0" encoding="UTF-8"?><collection xmlns="http://www.loc.gov/MARC21/slim"><record><leader>00389nam--2200145-i-4500</leader><controlfield tag="001">000045231</controlfield><controlfield tag="002">20161230</controlfield><controlfield tag="005">20161230201044</controlfield><controlfield tag="008">060222s1000------------r-----000-0-eng-d</controlfield><datafield ind1=" " ind2=" " tag="080"><subfield code="a">541.13</subfield></datafield><datafield ind1=" " ind2=" " tag="245"><subfield code="a">Techniques of electrochemistry</subfield></datafield><datafield ind1=" " ind2=" " tag="260"><subfield code="a">New York, John Wiley &amp; Sons, 1973. Ix+458 P</subfield></datafield><datafield ind1=" " ind2=" " tag="490"><subfield code="a">A Wiley-interscience Publ</subfield></datafield><datafield ind1=" " ind2=" " tag="700"><subfield code="a">Ernestyeagerandalvinj.Salkind</subfield></datafield><datafield ind1=" " ind2=" " tag="852"><subfield code="a">41997</subfield></datafield></record></collection>